@article{nebiyev,
  author = {Birkenmeier, G. F. and Mutlu, F. T. and Nebiyev, C. and S\"{o}kmez, N. and Tercan, A.},
  title   = {Goldie*-Supplemented Modules},
  journal = {Glasgow Mathematical Journal},
  year = 2010,
  volume  = {52A},
  pages   = {41--52},
  doi     = {10.1017/S0017089510000212},
  url     = {https://doi.org/10.1017/S0017089510000212}
}
@article{refail,
  author = {Alizade, R. And Toksoy, E.},
  title  = {Cofinitely Weak Supplemented Lattices},
  journal = {Indian Journal of Pure and Applied Mathematics},
  volume = {40:5},
  edition = {Second},
  year   = {2009},
  location = {Cambridge},
  pages = {337-346}
}
@article{stenstrom,
author="Stenstr{\"o}m, Bo",
title="Radicals and socles of lattices",
journal="Archiv der Mathematik",
year="1969",
month="Jul",
day="01",
volume="20",
number="3",
pages="258--261",
issn="1420-8938",
doi="10.1007/BF01899296",
url="https://doi.org/10.1007/BF01899296"
}
@book{davey,
  author = {Davey, B. A. and Priestley, H. A.},
  title  = {Introduction to Lattices and Order},
  year  = {2002},
  location = {London},
  publisher = {Cambridge University Press},
 address = {Cambridge, UK New York, NY},
 isbn = {9780521784511}
}
@book{calugeranu,
  author = {C\v{a}lug\v{a}reanu, G.},
  title  = {Lattice Concepts of Module Theory},
  pagetotal = {225},
  publisher = {Springer Netherlands},
  year = {2000},
  address = {Dordrecht},
  isbn = {978-90-481-5530-9}
}

